<record xmlns='http://www.loc.gov/MARC21/slim'><leader>01431cam a2200301   4500</leader><controlfield tag='001'>a994416</controlfield><controlfield tag='003'>SIRSI</controlfield><controlfield tag='005'>20170524003001.0</controlfield><controlfield tag='008'>780522|||||||||nyu           ||| | eng  </controlfield><datafield ind1=' ' ind2=' ' tag='010'><subfield code='a'>   18020021</subfield></datafield><datafield ind1=' ' ind2=' ' tag='035'><subfield code='a'>(CStRLIN)CSUG6879900-B</subfield></datafield><datafield ind1=' ' ind2=' ' tag='035'><subfield code='a'>(OCoLC-M)413254</subfield></datafield><datafield ind1=' ' ind2=' ' tag='035'><subfield code='a'>(OCoLC-I)273043830</subfield></datafield><datafield ind1=' ' ind2=' ' tag='040'><subfield code='c'>CSt</subfield><subfield code='d'>CSt</subfield><subfield code='d'>OrLoB</subfield></datafield><datafield ind1=' ' ind2=' ' tag='050'><subfield code='a'>OT70.L4</subfield></datafield><datafield ind1=' ' ind2=' ' tag='100'><subfield code='a'>Leeder, S. H.</subfield><subfield code=' '>UNAUTHORIZED</subfield></datafield><datafield ind1='1' ind2='0' tag='245'><subfield code='a'>Modern sons of the Pharaohs;</subfield><subfield code='b'>a study of the manners and customs of the Copts of Egypt,</subfield><subfield code='c'>by S. H. Leeder ... illustrated with photographs by the author, Alphonse Effendi Griess, James Scott, M. A., P. Dittrich, Cairo, and Lekegian, Cairo.</subfield></datafield><datafield ind1=' ' ind2=' ' tag='260'><subfield code='a'>London, New York, [etc.] Hodder and Stoughton,</subfield><subfield code='c'>[1918]</subfield></datafield><datafield ind1=' ' ind2=' ' tag='300'><subfield code='a'>xvi, 355, [1] p.</subfield><subfield code='b'>fold. front., plates, port.</subfield><subfield code='c'>23 cm.</subfield></datafield><datafield ind1=' ' ind2=' ' tag='504'><subfield code='a'>Bibliography: p. 347-348</subfield></datafield><datafield ind1='0' ind2=' ' tag='505'><subfield code='a'>Book I. The People and their customs.--Book II. The people and their Oriental church. Their great dignitaries. Their social and political postion.</subfield></datafield><datafield ind1=' ' ind2=' ' tag='596'><subfield code='a'>1</subfield></datafield><datafield ind1='2' ind2='0' tag='610'><subfield code='a'>Coptic Church.</subfield><subfield code=' '>^A127629</subfield></datafield><datafield ind1=' ' ind2='0' tag='650'><subfield code='a'>Copts.</subfield><subfield code=' '>^A1008209</subfield></datafield><datafield ind1=' ' ind2='0' tag='651'><subfield code='a'>Egypt</subfield><subfield code='x'>Social life and customs.</subfield><subfield code=' '>^A1013269</subfield></datafield><datafield ind1='4' ind2='1' tag='856'><subfield code='u'>http://purl.stanford.edu/bh017xy6150</subfield><subfield code='x'>SDR-PURL</subfield><subfield code='x'>item</subfield><subfield code='x'>barcode:36105037240616</subfield><subfield code='x'>file:bh017xy6150%2F00002344_0001.jp2</subfield></datafield><datafield ind1=' ' ind2=' ' tag='916'><subfield code='a'>DATE CATALOGED</subfield><subfield code='b'>19910824</subfield></datafield><datafield ind1=' ' ind2=' ' tag='999'><subfield code='a'>DT70.L4</subfield><subfield code='w'>LC</subfield><subfield code='c'>1</subfield><subfield code='i'>36105037240616</subfield><subfield code='d'>5/22/2006</subfield><subfield code='e'>5/18/2006</subfield><subfield code='l'>STACKS</subfield><subfield code='m'>GREEN</subfield><subfield code='n'>25</subfield><subfield code='r'>Y</subfield><subfield code='s'>Y</subfield><subfield code='t'>STKS-MONO</subfield><subfield code='u'>5/22/1978</subfield><subfield code='z'>DIGI-SENT</subfield></datafield></record>